2438 4192
493 267 763 376 ...122-

79 492 83 498 ‘
159 502 235 567 qnos
249 480 403 564 miramur,
421 473 473 547 his'
492 478 555 545 nati
576 486 685 561 essent,
713 477 846 548 ao'deus
868 481 978 567 aliquis
999 484 1080 549 ritas
1099 507 1134 551 ae

158 578 257 633 vestra
272 577 402 651 tempora
411 575 529 650 reponte
544 574 692 644 mutasset,
704 587 758 632 neo
770 567 854 630 uobis
869 589 983 632 summa
996 570 1053 634 illa
1067 572 1131 635 laus

143 708 145 712 ,
158 660 189 717 et
205 652 302 735 gloria
315 653 349 715 in
364 651 544 735 eloquentia,
566 672 659 733 neque
674 650 736 714 illis
754 653 856 719 modus
878 662 907 714 et
919 662 1133 738 temperamen-

158 742 221 801 tum
237 737 386 800 defuisset.
405 757 484 799 nuno
504 736 638 818 quoniam
653 756 737 799 nemo
754 738 852 799 eodem
866 745 993 824 temporo
1008 741 1130 822 assequi

158 829 253 905 potest
269 841 406 902 magnam
419 821 528 883 famam
546 828 574 882 et
592 841 728 901 maguam
749 820 890 901 quietem,
918 825 993 886 bono
1017 824 1132 886 saeculi

157 904 214 1055 3111}
228 906 350 991 quisque
366 905 440 971 eitra
459 904 692 972 obtrectationem
710 904 955 974 alterius'ntatnr.
995 907 1131 974 Finierat

215 999 323 1052 ternus.

164 1061 167 1067 ⁵
224 1074 302 1141 Cau.
317 1073 411 1137 XLII.
451 1072 532 1137 'I'nm
545 1067 706 1136 Me‘ssalla:
733 1073 835 1152 Erant,
858 1074 963 1160 quibus
982 1077 1131 1143 contradi-

159 1178 272 1238 oerem3
294 1170 389 1238 eraut,
411 1160 446 1222 de
460 1159 666 1240 quibusplura
686 1157 744 1219 diei
762 1159 880 1237 vellem,
902 1160 961 1222 nisi
983 1160 1045 1224 iam
1065 1163 1130 1226 dies

157 1251 236 1309 esset
251 1252 381 1306 exactus.
408 1241 491 1323 Fiet,
511 1243 606 1324 inquit
621 1243 782 1321 Maternus,
802 1255 901 1324 postea
914 1245 1057 1308 arbitratu
1071 1256 1130 1323 tuo,

159 1336 189 1392 et
205 1327 232 1390 si
250 1348 307 1410 qua
322 1327 375 1390 tibi
396 1330 520 1391 obseura
542 1328 575 1389 in
594 1329 649 1389 hoe
672 1347 735 1389 meo
756 1347 887 1389 sermone
901 1328 966 1390 uisa
985 1341 1069 1412 sunt,
1092 1335 1128 1396 de

110 1490 113 1496 ι
157 1406 316 1475 iis'rnrsns
331 1411 522 1475 conferemus.
549 1415 592 1474 Ae
607 1411 696 1474 simul
709 1432 866 1492 assurgens
877 1421 905 1473 ot
920 1415 1032 1495 Aprum
1048 1437 1129 1477 com-

158 1497 282 1587 plexus,
301 1496 384 1578 Ego,
406 1495 517 1581 iuquit,
538 1506 570 1559 te·
586 1495 693 1578 poetis,
714 1496 857 1558 Massalia
878 1497 1052 1578 antiquariis
1068 1503 1129 1561 ori.

158 1580 346 1644 mirabimur.
386 1580 424 1642 At
439 1602 477 1666 eg
508 1601 560 1643 uos
577 1581 740 1647 rhetoribus
753 1589 781 1644 et
795 1580 992 1665 scholasticis,
1021 1584 1128 1668 inquit.

159 1665 235 1730 Cum
249 1665 431 1746 arrisissent,
483 1664 650 1730 ssessimus.
967 1668 980 1677 ”

192 1837 410 1898 assequentem
431 1834 524 1902 nemo]
559 1836 619 1897 Vgl.
697 1837 764 1884 Gar.
782 1836 862 1886 XLII.
906 1843 933 1888 te
945 1837 1056 1906 poetts]
1097 1840 1126 1891 S.

157 1905 306 1965 fflrnhurdy
320 1907 431 1956 Grumtr.
443 1909 468 1957 d.
478 1908 543 1957 rom.
557 1908 619 1955 Litt.
662 1918 719 1966 oap.
737 1910 779 1954 1⁰.
816 1930 819 1937 ·

158 1975 240 2029 8041.
258 1975 367 2034 Aumtsg.
384 1980 426 2023 82.
695 1977 878 2037 antiquariis]
914 1991 970 2036 cap.
987 1979 1032 2024 21.

194 2046 268 2093 cotra
288 2043 526 2114 obtrectationem]
554 2045 620 2095 tiber
695 2052 728 2092 at
745 2044 809 2108 ego]
843 2043 1129 2110 (aner)vos(ertm1·

143 2112 234 2175 ,etsta
251 2127 272 2167 t.
292 2127 325 2166 zu
341 2117 418 2170 aaa.
621 2110 630 2125 ‘⁴
660 2113 755 2185 nabor)
773 2115 930 2170 rhetoribus.
