2438 4192
34 2124 42 2144 ⁸
122 2126 195 2180 flictu
212 2129 399 2188 sugillarentnr
417 2131 443 2175 et
464 2130 584 2188 exagitn.

495 281 648 374 0108
688 310 732 351 no

56 466 57 471 ’
129 452 209 531 edcta
224 452 486 518 dissimularentur.
528 447 610 519 scitis
632 455 728 534 enim,
751 455 987 537 magnamillam
1001 459 1103 523 etde«

129 547 260 606 saturum
275 541 455 622 eloquentiae
468 540 576 603 lamam
588 561 648 602 uon
658 541 756 605 minus
765 541 798 603 in
808 541 932 605 dirersis
947 543 1102 607 subselliis

124 624 233 725 qsarari
257 645 342 706 quam
365 625 444 687 suis:
473 625 542 688 inde
562 625 741 708 quinimmo
764 625 942 688 constantius
965 632 1101 708 surgere,

128 709 176 774 rbi
193 708 309 771 fidelius
332 709 522 775 comoborari.
562 719 647 792 atque
667 710 765 772 hercle
781 713 836 773 snb
852 709 997 772 eiusmodi
1011 733 1100 792 prae-

126 794 296 875 ceptoribus
309 794 424 856 iuvenis
440 794 508 872 ille,
527 796 563 856 de
582 815 638 875 quo
659 794 820 877 loquimur,
843 804 990 856 oratorum
1007 796 1101 859 disci-

123 905 127 912 ’
154 878 237 959 ulna,
258 878 449 956 inritandam,
469 879 788 957 sectatoriudiciornm,
809 880 938 942 eruditus
951 891 981 941 et
993 901 1099 942 assue-

128 898 227 1027 laetus
247 962 352 1026 alienis
379 963 604 1044 experimentis,
633 964 682 1026 cui
709 965 836 1048 quotidie
862 964 991 1025 audienti
1013 974 1101 1028 netas

126 1045 232 1129 lega,
257 1069 317 1109 non
336 1049 404 1111 nori
424 1048 553 1109 iudicum
573 1047 685 1125 vultus,
714 1050 850 1132 frequens
863 1048 897 1109 in
917 1048 1013 1110 oculis
1028 1068 1099 1111 con·

123 1135 253 1199 suendo
263 1133 448 1210 concionum,
469 1152 557 1213 saepe
571 1133 704 1229 cognitaq
718 1134 823 1216 populi
840 1153 942 1211 aures,
964 1133 1030 1195 aive
1046 1154 1098 1196 aaa·

125 1217 308 1283 cusationem
332 1224 499 1298 susceperat
520 1215 583 1279 sire
608 1217 821 1297 defensionem,
847 1217 927 1280 solus
948 1218 1049 1279 statim
1070 1225 1097 1281 et

126 1322 206 1371 uuus
228 1301 389 1383 cuicunque
416 1320 523 1363 causae
550 1311 701 1382 parerat.
750 1324 828 1365 nono
855 1300 968 1364 decimo
992 1301 1097 1364 aetatis

127 1405 205 1450 anuo
232 1387 269 1448 L.
286 1387 412 1449 Crassus
432 1386 467 1449 C.
487 1385 664 1464 Carbonem,
692 1408 751 1448 uno
771 1398 799 1450 et
817 1386 964 1467 vigesimo
985 1387 1097 1449 Caesar

125 1467 329 1548 Dolabellam,
355 1472 444 1533 altero
472 1478 500 1533 et
525 1469 668 1550 vigesimo
694 1471 815 1534 Asinius
833 1470 928 1534 Pollio
952 1470 989 1532 C.
1005 1471 1096 1534 Cato-

125 1576 211 1636 nem,
244 1577 304 1631 nen
323 1556 412 1618 multo
440 1540 533 1620 aebutb
554 1557 726 1618 antecedens
750 1548 861 1621 calens
878 1549 1035 1622 'Vatinium
1056 1556 1096 1620 iis

122 1710 245 1768 intentae
260 1715 334 1769 erunt
350 1711 379 1767 ia
397 1712 484 1770 amnia
500 1711 587 1763 direr-
629 1726 674 1768 sus
692 1714 838 1768 Carbonem
853 1714 883 1771 in
899 1711 1028 1768 iudicium
1045 1725 1095 1762 vo-

125 1796 172 1834 sse
191 1785 294 1844 partes,
310 1785 338 1829 ut
355 1795 388 1828 ne
404 1782 587 1841 breviterqui-
629 1783 699 1830 cavit
720 1797 761 1830 arr.
781 1797 807 1842 ζ..
826 1797 853 1830 u.
871 1797 894 1830 e.
914 1784 982 1842 635;
1009 1794 1092 1831 annus

125 1851 185 1901 dem
203 1852 273 1916 dicta
289 1850 431 1900 iniudicata
452 1852 586 1911 relinque·
627 1854 704 1901 natus
722 1866 801 1901 unua.
825 1855 852 1900 et
869 1851 983 1912 viginti,
1008 1852 1048 1901 itu
1065 1852 1101 1899 ut.

124 1924 226 1973 untur.
250 1950 285 1964 -
308 1920 426 1968 Andere:
452 1935 501 1968 noe
522 1923 587 1970 bens
627 1924 720 1968 auctor
736 1920 798 1968 dial.
816 1921 840 1968 d.
859 1924 936 1968 oratt.
955 1921 1001 1968 nul
1020 1934 1092 1970 erra·

124 1991 216 2047 dieta:
239 1993 279 2042 est
297 1985 462 2059 βραχυλόχως
479 1990 585 2053 dictum,
626 1990 708 2050 verit,
735 1992 796 2051 aut,
821 1989 889 2048 quod
906 1989 972 2037 mihi
995 1990 1092 2038 verini.

79 2066 82 2071 '
123 2059 176 2112 boc
203 2073 295 2116 sensu:
324 2063 359 2123 ut¹
383 2058 484 2117 quidem
515 2062 585 2111 male
625 2059 714 2108 mittun
743 2062 797 2120 est,
826 2059 930 2107 librarii
955 2059 1092 2107 oculorum

625 2128 790 2176 aberratlone
808 2127 876 2188 lapsi
893 2128 1019 2177 vitiosum
1041 2142 1091 2176 nu-

122 2201 217 2252 tentur
240 2200 271 2246 ab
298 2197 394 2244 invidts
418 2200 444 2244 et
461 2198 584 2251 adversa-

122 2268 189 2330 rtis,
218 2267 256 2315 ita
279 2269 366 2314 tamea
395 2269 424 2315 ut
453 2268 520 2315 berre
541 2268 583 2315 di·

24 2341 27 2347 '
122 2341 167 2391 cta
186 2350 267 2396 aeque
284 2336 452 2392 laudarentur
467 2339 498 2383 ab
517 2337 582 2398 illis,

121 2407 207 2466 yirtns
233 2405 303 2453 enirn
328 2409 354 2452 et
378 2405 406 2454 iu
429 2405 582 2460 hoste-lau-

122 2476 215 2532 danda.
233 2475 296 2523 Scri.
315 2499 348 2509 ·-
366 2489 416 2522 nee
431 2477 455 2522 b.
470 2489 497 2522 a.
510 2491 544 2532 qr.
556 2477 582 2524 d.

121 2544 158 2603 ist
177 2545 269 2599 Leuant
286 2543 310 2590 d.
328 2544 392 2598 anu.
410 2543 498 2604 Agris.

115 2631 118 2640 r
158 2615 273 2667 diuersis
289 2614 440 2671 subselliis]
462 2614 582 2671 enuntia

119 2679 233 2733 Iudiciis·
244 2683 347 2729 diversa
364 2683 489 2729 subsellia
505 2698 519 2731 e
537 2698 582 2731 re-

120 2753 202 2815 gione
213 2751 341 2811 opposita,
351 2753 377 2798 in
389 2766 496 2810 quorum
508 2755 582 2800 utro-

120 2835 171 2882 que
189 2822 369 2869 alterutrarum
383 2821 492 2880 partium
505 2822 581 2868 sede-

120 2893 185 2943 bunt
195 2890 328 2947 causidici,
347 2890 449 2948 patroni
461 2894 540 2938 testes
555 2893 582 2938 et

123 2960 252 3011 sdvoesti.
276 2985 310 2995 -
335 2961 456 3006 diuersas
476 2977 511 3006 =
529 2960 581 3008 ad-

119 3042 221 3082 sersus.
242 3029 269 3077 S.
284 3041 315 3075 zu
334 3043 356 3074 e.
369 3031 393 3074 1.
410 3043 433 3075 a.
446 3028 478 3076 E.

105 3113 108 3120 ·
154 3095 233 3162 inde]
261 3111 294 3144 ex
310 3098 441 3146 subselliis
459 3097 580 3145 sdversa-

118 3167 231 3226 sdor-um3
244 3168 284 3213 s'be'
291 3166 317 3213 iu
327 3166 457 3216 subselliis
465 3181 579 3218 sucrum.

154 3251 223 3284 narso
240 3235 356 3301 deciens]
391 3236 457 3283 nach
475 3236 529 3282 cie.
547 3237 579 3282 de

118 3309 185 3357 suut.
204 3307 252 3364 111,
272 3306 313 3350 29.
336 3305 446 3365 gescirab
470 3318 498 3351 es
526 3308 581 3353 urst

120 3375 156 3423 lm
170 3377 212 3422 21.
223 3374 310 3422 dabre.
346 3377 429 3422 tleber
443 3375 484 3421 die
496 3375 580 3423 Suebo

58 3478 62 3490 .
120 3445 174 3504 sgl.
193 3443 283 3498 Quint.
301 3442 358 3502 xta
380 3447 405 3503 6,
427 3446 452 3490 1.

158 3511 286 3575 crassas]
307 3515 360 3560 Cic.
368 3515 438 3560 Brut.
451 3514 516 3560 159:
535 3525 581 3560 ec-

119 3582 222 3632 curavit
235 3582 377 3629 carbonem
395 3581 581 3640 eloquentissi-

118 3664 191 3701 mum
209 3651 339 3699 hominem
360 3653 493 3699 admodum
517 3651 596 3699 adc·.

117 3723 238 3784 bessem
259 3719 290 3770 ds
300 3722 345 3775 ott.
353 3723 476 3786 st,1a.-
482 3721 581 3784 „Gras-
594 3702 602 3740 t

624 2211 723 2258 merum
742 2197 840 2258 signis,
862 2208 917 2245 nna
933 2197 1024 2245 verbis
1043 2211 1090 2245 ex-

624 2279 758 2327 pressum,
795 2266 881 2313 textui
916 2264 1089 2313 intulerint.“

624 2335 768 2383 Weiehert.
779 2338 849 2395 poet.
860 2337 905 2383 lat.
911 2336 989 2394 reliq.
996 2350 1021 2394 p.
1030 2338 1089 2384 199.

661 2424 825 2482 Carbonem]
859 2422 886 2468 S.
905 2435 937 2468 zu
957 2436 980 2468 c.
995 2423 1039 2468 18.

658 2507 710 2541 aaa
728 2499 757 2540 et
773 2487 910 2553 arnasano]
930 2492 1035 2551 gestdzt
1045 2489 1090 2540 sul

624 2561 697 2614 Suet.
714 2563 787 2616 Caes.
801 2564 826 2607 b.
843 2560 956 2607 nelrmen
974 2559 1047 2618 Lips.
1060 2572 1087 2614 u.

624 2632 770 2678 Oasaubun.
790 2631 836 2677 das
853 2630 896 2676 23.
915 2629 979 2676 Jubr
997 2643 1041 2675 sn.

661 2718 688 2763 0.
709 2717 853 2774 Catonem]
889 2714 1008 2774 Pompeii
1028 2728 1088 2777 pur-

622 2781 692 2834 tibus
710 2787 826 2846 favebat,
846 2799 862 2839 a
878 2784 1000 2839 Pollione
1020 2785 1086 2834 Cae«,

623 2856 689 2904 saris
699 2854 809 2915 partium
822 2854 939 2906 studioso
950 2857 1089 2909 accusatus

622 2928 664 2976 est
681 2926 740 2984 lege
756 2923 835 2977 lunia
849 2927 874 2969 et
888 2922 992 2969 Licinia
1010 2922 1088 2976 iteru-

622 2990 672 3052 que
704 2985 764 3052 lege
792 2992 883 3039 Fusia.
926 2992 1104 3056 tribunatum·

622 3066 739 3123 gesserat
757 3076 781 3108 u.
794 3061 824 3108 U.
835 3063 895 3107 698.
930 3061 986 3107 Cis.
999 3074 1042 3119 ep.
1053 3059 1085 3108 ad

620 3133 674 3183 att.
687 3132 730 3192 Ν,
743 3134 784 3178 15.
806 3130 875 3190 XVI,
894 3131 937 3176 17.
960 3130 1089 3193 bil-tauta

656 3219 744 3265 altero
765 3223 793 3264 et
807 3210 954 3280 vigesimo]
987 3214 1021 3262 im
1042 3217 1086 3264 22.

619 3285 713 3346 delire,
741 3286 789 3338 wie
808 3286 863 3332 cie.
887 3299 948 3342 epp.
974 3284 1006 3330 ad
1024 3286 1086 3333 tarn.

620 3355 679 3413 ΧΠ,
695 3357 737 3403 25.
770 3355 829 3415 Vgl.
839 3351 954 3414 Reisig’s
967 3353 1086 3405 vertens.

621 3424 649 3479 S.
668 3426 728 3476 334.

659 3513 757 3558 Calvus
767 3508 792 3555 V
789 3509 913 3567 ats'm'mn]
932 3509 960 3555 S.
968 3520 1000 3555 zu
1010 3523 1034 3555 c.
1042 3509 1087 3556 21.

623 3580 718 3628 Gebor.
735 3580 770 3627 im
786 3580 811 3625 J.
822 3579 853 3624 tl.
868 3581 906 3627 St.
921 3579 981 3624 672.
997 3578 1087 3626 {tibris

622 3663 653 3696 er
671 3650 720 3696 tlen
739 3649 849 3696 Process
867 3648 885 3695 i.
898 3649 922 3694 J.
934 3646 958 3692 tl.
971 3648 1011 3695 St.
1023 3650 1086 3696 699.

621 3717 725 3801 Wcicla
744 3718 765 3770 i.
781 3730 806 3770 s·
822 3718 854 3774 B.
869 3717 898 3767 S·
915 3718 977 3773 199.
